@misc{redmon2016,
      title  = {You Only Look Once: Unified, Real-Time Object Detection}, 
      author = {Joseph Redmon and Santosh Divvala and Ross Girshick and Ali Farhadi},
      year   = {2016},
      eprint = {1506.02640},
      archivePrefix = {arXiv},
      primaryClass  = {cs.CV},
      url           = {https://arxiv.org/abs/1506.02640}, 
}

@online{nationalgeographic2024sign,
  author  = {{National Geographic}},
  title   = {Sign Language},
  year    = {2024},
  url     = {https://education.nationalgeographic.org/resource/sign-language/},
  urldate = {2024-08-31},
}

@online{ravenonur2024sign,
  author  = {Onur Akyıldız},
  title   = {Sign Language},
  year    = {2023},
  url     = {https://huggingface.co/RavenOnur/Sign-Language},
  urldate = {2024-08-31},
}

@online{gusthema2024asl,
  author  = {Luiz Gustavo Martins},
  title   = {ASL Fingerspelling Recognition with TensorFlow},
  year    = {2023},
  url     = {https://www.kaggle.com/code/gusthema/asl-fingerspelling-recognition-w-tensorflow},
  urldate = {2024-08-31},
}

@online{muhammadmoinfaisal2024sign,
  author  = {Muhammad Moin},
  title   = {Sign Language Alphabets Detection and Recognition using YOLOv8},
  year    = {2023},
  url     = {https://github.com/MuhammadMoinFaisal/Sign-Language-Alphabets-Detection-and-Recongition-using-YOLOv8},
  urldate = {2024-08-31},
}

@online{nicknochnack2024action,
  author  = {Nicholas Renotte},
  title   = {Action Detection for Sign Language},
  year    = {2021},
  url     = {https://github.com/nicknochnack/ActionDetectionforSignLanguage},
  urldate = {2024-08-31},
}

@online{davidlee2024asl,
  author  = {David Lee},
  title   = {American Sign Language Letters},
  year    = {2022},
  url     = {https://github.com/nateraw/huggingpics},
  urldate = {2024-09-03},
}

@online{nate2021hugging,
  author  = {Nathan Raw},
  title   = {HuggingPics},
  year    = {2021},
  url     = {https://universe.roboflow.com/david-lee-d0rhs/american-sign-language-letters},
  urldate = {2024-08-31},
}

@article{zhai2023yolo,
  author  = {X. Zhai and Z. Huang and T. Li and H. Liu and S. Wang},
  title   = {YOLO-Drone: An Optimized YOLOv8 Network for Tiny UAV Object Detection},
  journal = {Electronics},
  volume  = {12},
  number  = {17},
  pages   = {3664},
  year    = {2023},
  month   = aug,
  url     = {https://www.mdpi.com/2079-9292/12/17/3664},
}

@misc{yolov4,
      title={YOLOv4: Optimal Speed and Accuracy of Object Detection}, 
      author={Alexey Bochkovskiy and Chien-Yao Wang and Hong-Yuan Mark Liao},
      year={2020},
      eprint={2004.10934},
      archivePrefix={arXiv},
      primaryClass={cs.CV},
      url={https://arxiv.org/abs/2004.10934}, 
}

@online{yahoo2020news,
  author       = {{Yahoo 新聞}},
  title        = {{12萬聽障者有知的權力: 手語扮橋梁}},
  year         = {2020},
  month        = {4},
  day          = {12},
  url          = {https://tw.news.yahoo.com/12%E8%90%AC%E8%81%BD%E9%9A%9C%E8%80%85%E6%9C%89%E7%9F%A5%E7%9A%84%E6%AC%8A%E5%8A%9B-%E6%89%8B%E8%AA%9E%E6%89%AE%E6%A9%8B%E6%A2%81-201008663.html},
  urldate      = {2024-09-04} % 你存取這篇文章的日期
}
